@inproceedings{carbajal2016language,
  title={The “language filter” hypothesis: A feasibility study of language separation in infancy using unsupervised clustering of I-vectors},
  author={Carbajal, M Julia and Dawud, Ahmad and Thiolli{\`e}re, Roland and Dupoux, Emmanuel},
  booktitle={2016 Joint IEEE International Conference on Development and Learning and Epigenetic Robotics (ICDL-EpiRob)},
  pages={195--201},
  year={2016},
  organization={IEEE}
}

@article{garofolo1993timit,
  title={TIMIT acoustic phonetic continuous speech corpus},
  author={Garofolo, John S},
  journal={Linguistic Data Consortium, 1993},
  year={1993}
}

@inproceedings{barnard2014nchlt,
  title={The NCHLT speech corpus of the South African languages},
  author={Barnard, Etienne and Davel, Marelie H and Heerden, Charl van and Wet, Febe de and Badenhorst, Jaco},
  booktitle={Spoken Language Technologies for Under-Resourced Languages},
  year={2014}
}

@techreport{wester2010emime,
  title={The EMIME bilingual database},
  author={Wester, Mirjam},
  year={2010},
  institution={The University of Edinburgh}
}

@inproceedings{
         Povey_ASRU2011,
         author = {Povey, Daniel and Ghoshal, Arnab and Boulianne, Gilles and Burget, Lukas and Glembek, Ondrej and Goel, Nagendra and Hannemann, Mirko and Motlicek, Petr and Qian, Yanmin and Schwarz, Petr and Silovsky, Jan and Stemmer, Georg and Vesely, Karel},
       keywords = {ASR, Automatic Speech Recognition, GMM, HTK, SGMM},
          month = dec,
          title = {The Kaldi Speech Recognition Toolkit},
      booktitle = {IEEE 2011 Workshop on Automatic Speech Recognition and Understanding},
           year = {2011},
      publisher = {IEEE Signal Processing Society},
       location = {Hilton Waikoloa Village, Big Island, Hawaii, US},
           note = {IEEE Catalog No.: CFP11SRW-USB},
}
@inproceedings{schatz2013evaluating,
  title={Evaluating speech features with the minimal-pair ABX task: Analysis of the classical MFC/PLP pipeline},
  author={Schatz, Thomas and Peddinti, Vijayaditya and Bach, Francis and Jansen, Aren and Hermansky, Hynek and Dupoux, Emmanuel},
  year={2013}
}